<mx:record xmlns="http://www.w3.org/TR/xhtml1/strict" xmlns:mx="http://www.loc.gov/MARC21/slim" xmlns:xsi="http://www.w3.org/2001/XMLSchema-instance"><mx:leader>00000nz   2200000n  0000</mx:leader><mx:controlfield tag="001">oca03946726 </mx:controlfield><mx:controlfield tag="005">19951026054400.4</mx:controlfield><mx:controlfield tag="008">951024n| acannaab|          |n aaa     c</mx:controlfield><mx:datafield ind1=" " ind2=" " tag="010"><mx:subfield code="a">nr 95039338</mx:subfield></mx:datafield><mx:datafield ind1=" " ind2=" " tag="040"><mx:subfield code="a">NNC</mx:subfield><mx:subfield code="c">NNC</mx:subfield></mx:datafield><mx:datafield ind1="0" ind2=" " tag="100"><mx:subfield code="a">Lentulus,</mx:subfield><mx:subfield code="d">1st cent. B.C./1st cent. A.D.</mx:subfield></mx:datafield><mx:datafield ind1=" " ind2=" " tag="670"><mx:subfield code="a">His Mimus, 1991:</mx:subfield><mx:subfield code="b">PHI CD ROM #5.3, Latin Canon, bibliographic screen (Lentulus)</mx:subfield></mx:datafield><mx:datafield ind1=" " ind2=" " tag="670"><mx:subfield code="a">Pauly-Wissowa:</mx:subfield><mx:subfield code="b">24. Halbbd., col. 1946; &amp;#034;Lentulus&amp;#034;, #1 (Lentulus; writer of mimes; early imperial period)</mx:subfield></mx:datafield><mx:datafield ind1=" " ind2=" " tag="670"><mx:subfield code="a">Bonaria, M. Romani mimi, 1965:</mx:subfield><mx:subfield code="b">p. 82-83 (Lentulus)</mx:subfield></mx:datafield><mx:datafield ind1=" " ind2=" " tag="670"><mx:subfield code="a">Dict. of Greek and Roman biog. and mythology, 1967:</mx:subfield><mx:subfield code="b">v.2, p. 734 (Lentulus; actor and writer of mimes; must have lived before the end of the first century of the Christian era)</mx:subfield></mx:datafield><mx:datafield ind1=" " ind2=" " tag="675"><mx:subfield code="a">NUC pre-56;</mx:subfield><mx:subfield code="a">Oxford class. dict.</mx:subfield></mx:datafield><mx:datafield ind1=" " ind2=" " tag="999"><mx:subfield code="a">3</mx:subfield></mx:datafield></mx:record>